@inproceedings{kumar2016edge,
  title={Edge weight prediction in weighted signed networks},
  author={Kumar, Srijan and Spezzano, Francesca and Subrahmanian, VS and Faloutsos, Christos},
  booktitle={2016 IEEE 16th International Conference on Data Mining (ICDM)},
  pages={221--230},
  year={2016},
  organization={IEEE}
}
@article{shahriari2014ranking,
  title={Ranking nodes in signed social networks},
  author={Shahriari, Moshen and Jalili, Mahdi},
  journal={Social network analysis and mining},
  volume={4},
  number={1},
  pages={172},
  year={2014},
  publisher={Springer}
}

@article{brin1998anatomy,
  title={The anatomy of a large-scale hypertextual web search engine},
  author={Brin, Sergey and Page, Lawrence},
  journal={Computer networks and ISDN systems},
  volume={30},
  number={1-7},
  pages={107--117},
  year={1998},
  publisher={Elsevier}
}

@inproceedings{leskovec2010signed,
  title={Signed networks in social media},
  author={Leskovec, Jure and Huttenlocher, Daniel and Kleinberg, Jon},
  booktitle={Proceedings of the SIGCHI conference on human factors in computing systems},
  pages={1361--1370},
  year={2010},
  organization={ACM}
}

@article{heider1940,
	author = { Fritz   Heider },
	title = {Attitudes and Cognitive Organization},
	journal = {The Journal of Psychology},
	volume = {21},
	number = {1},
	pages = {107-112},
	year  = {1946},
	publisher = {Routledge},
	doi = {10.1080/00223980.1946.9917275},
	note ={PMID: 21010780},
	
	URL = { 
	https://doi.org/10.1080/00223980.1946.9917275
	
	},
	eprint = { 
	https://doi.org/10.1080/00223980.1946.9917275
	
	}
	
}
@article{Cartwright1956-CARSBA-4,
	volume = {63},
	pages = {277--293},
	title = {Structural Balance: A Generalization of Heider's Theory},
	number = {5},
	year = {1956},
	author = {Dorwin Cartwright and Frank Harary},
	doi = {10.1037/h0046049},
	journal = {Psychological Review}
}

@inproceedings{Guha:2004:PTD:988672.988727,
	author = {Guha, R. and Kumar, Ravi and Raghavan, Prabhakar and Tomkins, Andrew},
	title = {Propagation of Trust and Distrust},
	booktitle = {Proceedings of the 13th International Conference on World Wide Web},
	series = {WWW '04},
	year = {2004},
	isbn = {1-58113-844-X},
	location = {New York, NY, USA},
	pages = {403--412},
	numpages = {10},
	url = {http://doi.acm.org/10.1145/988672.988727},
	doi = {10.1145/988672.988727},
	acmid = {988727},
	publisher = {ACM},
	address = {New York, NY, USA},
	keywords = {distrust, trust propagation, web of trust},
} 

@book{wasserman1994social,
	title={Social Network Analysis: Methods and Applications},
	author={Wasserman, S. and Faust, K. and Cambridge University Press and Granovetter, M. and University of Cambridge and Iacobucci, D.},
	isbn={9780521387071},
	lccn={94020602},
	series={Structural Analysis in the Social Sciences},
	url={https://books.google.com.sg/books?id=CAm2DpIqRUIC},
	year={1994},
	publisher={Cambridge University Press}
}

@article{Davis1967,
	author = {James A. Davis},
	title ={Clustering and Structural Balance in Graphs},
	journal = {Human Relations},
	volume = {20},
	number = {2},
	pages = {181-187},
	year = {1967},
	doi = {10.1177/001872676702000206},
	
	URL = { 
	https://doi.org/10.1177/001872676702000206
	
	},
	eprint = { 
	https://doi.org/10.1177/001872676702000206
	
	}
	
}
@INPROCEEDINGS{Kmumar2014,
	author={S. {Kmumar} and F. {Spezzano} and V. S. {Subrahmanian}},
	booktitle={2014 IEEE/ACM International Conference on Advances in Social Networks Analysis and Mining (ASONAM 2014)},
	title={Accurately detecting trolls in Slashdot Zoo via decluttering},
	year={2014},
	volume={},
	number={},
	pages={188-195},
	keywords={social networking (online);troll detection;Slashdot Zoo;decluttering;TIA;troll identification algorithm;online signed social network;Social network services;Encyclopedias;Electronic publishing;Internet;Radiation detectors;Thumb},
	doi={10.1109/ASONAM.2014.6921581},
	ISSN={},
	onth={Aug},}

@inproceedings{Wu:2016:TMR:2835776.2835816,
	author = {Wu, Zhaoming and Aggarwal, Charu C. and Sun, Jimeng},
	title = {The Troll-Trust Model for Ranking in Signed Networks},
	booktitle = {Proceedings of the Ninth ACM International Conference on Web Search and Data Mining},
	series = {WSDM '16},
	year = {2016},
	isbn = {978-1-4503-3716-8},
	location = {San Francisco, California, USA},
	pages = {447--456},
	numpages = {10},
	url = {http://doi.acm.org/10.1145/2835776.2835816},
	doi = {10.1145/2835776.2835816},
	acmid = {2835816},
	publisher = {ACM},
	address = {New York, NY, USA},
	keywords = {data mining, ranking, signed networks},
} 

@inproceedings{Kumar:2016:SDS:2872518.2889391,
	author = {Kumar, Srijan},
	title = {Structure and Dynamics of Signed Citation Networks},
	booktitle = {Proceedings of the 25th International Conference Companion on World Wide Web},
	series = {WWW '16 Companion},
	year = {2016},
	isbn = {978-1-4503-4144-8},
	location = {Montr\&\#233;al, Qu\&\#233;bec, Canada},
	pages = {63--64},
	numpages = {2},
	url = {https://doi.org/10.1145/2872518.2889391},
	doi = {10.1145/2872518.2889391},
	acmid = {2889391},
	publisher = {International World Wide Web Conferences Steering Committee},
	address = {Republic and Canton of Geneva, Switzerland},
	keywords = {bibliometrics, citation networks, negative citations, signed citations},
} 
@article{PhysRevE.80.036115,
	title = {Community detection in networks with positive and negative links},
	author = {Traag, V. A. and Bruggeman, Jeroen},
	journal = {Phys. Rev. E},
	volume = {80},
	issue = {3},
	pages = {036115},
	numpages = {6},
	year = {2009},
	month = {Sep},
	publisher = {American Physical Society},
	doi = {10.1103/PhysRevE.80.036115},
	url = {https://link.aps.org/doi/10.1103/PhysRevE.80.036115}
}
@article{Shafaei_2014,
	doi = {10.1007/s00354-014-0404-7},
	url = {https://doi.org/10.1007%2Fs00354-014-0404-7},
	year = 2014,
	month = {aug},
	publisher = {Springer Science and Business Media {LLC}},
	volume = {32},
	number = {3-4},
	pages = {257--269},
	author = {Mahsa Shafaei and Mahdi Jalili},
	title = {Community Structure and Information Cascade in Signed Networks},
	journal = {New Generation Computing}
}
@article{Li2014,
	author = {Li, Dong and Xu, Zhi-Ming and Chakraborty, Nilanjan and Gupta, Anika and Sycara, Katia and Li, Sheng},
	year = {2014},
	month = {07},
	pages = {e102199},
	title = {Polarity Related Influence Maximization in Signed Social Networks},
	volume = {9},
	journal = {PloS one},
	doi = {10.1371/journal.pone.0102199}
}

@article{west2014,
	author = {West, Robert and Paskov, Hristo and Leskovec, Jure and Potts, Christopher},
	year = {2014},
	month = {09},
	pages = {},
	title = {Exploiting Social Network Structure for Person-to-Person Sentiment Analysis},
	volume = {2},
	journal = {Transactions of the Association for Computational Linguistics},
	doi = {10.1162/tacl_a_00184}
}
@inproceedings{Dubois,
	author = {Dubois, Thomas and Golbeck, Jennifer and Srinivasan, Aravind},
	year = {2011},
	month = {10},
	pages = {418-424},
	title = {Predicting Trust and Distrust in Social Networks},
	doi = {10.1109/PASSAT/SocialCom.2011.56}
}

@article{Yang2012,
	author = {Yang, Shuang-Hong and Smola, Alexander and Long, Bo and Zha, Hongyuan and Chang, Yi},
	year = {2012},
	month = {08},
	pages = {},
	title = {Friend or frenemy? Predicting signed ties in social networks},
	journal = {SIGIR'12 - Proceedings of the International ACM SIGIR Conference on Research and Development in Information Retrieval},
	doi = {10.1145/2348283.2348359}
}

@article{Tang:2016:SSN:2988524.2956185,
	author = {Tang, Jiliang and Chang, Yi and Aggarwal, Charu and Liu, Huan},
	title = {A Survey of Signed Network Mining in Social Media},
	journal = {ACM Comput. Surv.},
	issue_date = {December 2016},
	volume = {49},
	number = {3},
	month = aug,
	year = {2016},
	issn = {0360-0300},
	pages = {42:1--42:37},
	articleno = {42},
	numpages = {37},
	url = {http://doi.acm.org/10.1145/2956185},
	doi = {10.1145/2956185},
	acmid = {2956185},
	publisher = {ACM},
	address = {New York, NY, USA},
	keywords = {Negative links, signed network mining, signed networks, social media},
}

@article{Qian:2014:FTD:2639948.2628438,
	author = {Qian, Yi and Adali, Sibel},
	title = {Foundations of Trust and Distrust in Networks: Extended Structural Balance Theory},
	journal = {ACM Trans. Web},
	issue_date = {June 2014},
	volume = {8},
	number = {3},
	month = jul,
	year = {2014},
	issn = {1559-1131},
	pages = {13:1--13:33},
	articleno = {13},
	numpages = {33},
	url = {http://doi.acm.org/10.1145/2628438},
	doi = {10.1145/2628438},
	acmid = {2628438},
	publisher = {ACM},
	address = {New York, NY, USA},
	keywords = {Trust, distrust, social networks, structural balance},
} 

@inproceedings{Gilbert:2012:PTS:2145204.2145360,
	author = {Gilbert, Eric},
	title = {Predicting Tie Strength in a New Medium},
	booktitle = {Proceedings of the ACM 2012 Conference on Computer Supported Cooperative Work},
	series = {CSCW '12},
	year = {2012},
	isbn = {978-1-4503-1086-4},
	location = {Seattle, Washington, USA},
	pages = {1047--1056},
	numpages = {10},
	url = {http://doi.acm.org/10.1145/2145204.2145360},
	doi = {10.1145/2145204.2145360},
	acmid = {2145360},
	publisher = {ACM},
	address = {New York, NY, USA},
	keywords = {collapsed contexts, computer-mediated communication (cmc), social media, social networks, tie strength},
} 
@inproceedings{Gilbert:2009:PTS:1518701.1518736,
	author = {Gilbert, Eric and Karahalios, Karrie},
	title = {Predicting Tie Strength with Social Media},
	booktitle = {Proceedings of the SIGCHI Conference on Human Factors in Computing Systems},
	series = {CHI '09},
	year = {2009},
	isbn = {978-1-60558-246-7},
	location = {Boston, MA, USA},
	pages = {211--220},
	numpages = {10},
	url = {http://doi.acm.org/10.1145/1518701.1518736},
	doi = {10.1145/1518701.1518736},
	acmid = {1518736},
	publisher = {ACM},
	address = {New York, NY, USA},
	keywords = {relationship modeling, sns, social media, social networks, tie strength, ties},
}
@inproceedings{Kahanda2009,
	author = {Kahanda, Indika and Neville, Jennifer},
	year = {2009},
	month = {01},
	pages = {},
	title = {Using Transactional Information to Predict Link Strength in Online Social Networks.}
}

@inproceedings{Xiang:2010:MRS:1772690.1772790,
	author = {Xiang, Rongjing and Neville, Jennifer and Rogati, Monica},
	title = {Modeling Relationship Strength in Online Social Networks},
	booktitle = {Proceedings of the 19th International Conference on World Wide Web},
	series = {WWW '10},
	year = {2010},
	isbn = {978-1-60558-799-8},
	location = {Raleigh, North Carolina, USA},
	pages = {981--990},
	numpages = {10},
	url = {http://doi.acm.org/10.1145/1772690.1772790},
	doi = {10.1145/1772690.1772790},
	acmid = {1772790},
	publisher = {ACM},
	address = {New York, NY, USA},
	keywords = {homophily, randomization, social influence, social networks},
} 
@inproceedings{Sintos:2014:UST:2623330.2623664,
	author = {Sintos, Stavros and Tsaparas, Panayiotis},
	title = {Using Strong Triadic Closure to Characterize Ties in Social Networks},
	booktitle = {Proceedings of the 20th ACM SIGKDD International Conference on Knowledge Discovery and Data Mining},
	series = {KDD '14},
	year = {2014},
	isbn = {978-1-4503-2956-9},
	location = {New York, New York, USA},
	pages = {1466--1475},
	numpages = {10},
	url = {http://doi.acm.org/10.1145/2623330.2623664},
	doi = {10.1145/2623330.2623664},
	acmid = {2623664},
	publisher = {ACM},
	address = {New York, NY, USA},
	keywords = {approximation algorithms, social networks, strong triadic closure},
} 
@INPROCEEDINGS{Roy2016,
	author={A. {Roy} and C. {Sarkar} and J. {Srivastava} and J. {Huh}},
	booktitle={2016 IEEE/ACM International Conference on Advances in Social Networks Analysis and Mining (ASONAM)},
	title={Trustingness trustworthiness: A pair of complementary trust measures in a social network},
	year={2016},
	volume={},
	number={},
	pages={549-554},
	keywords={computational complexity;convergence;iterative methods;matrix algebra;social networking (online);trusted computing;social network;iterative matrix convergence algorithm;trustingness;trustworthiness;trust scoring algorithms},
	doi={10.1109/ASONAM.2016.7752289},
	ISSN={},
	month={Aug},}

@inproceedings{Katz2006,
	author = {Katz, Yarden and Golbeck, Jennifer},
	year = {2006},
	month = {01},
	pages = {},
	title = {Social Network-based Trust in Prioritized Default Logic.},
	volume = {2},
	journal = {Proceedings of the National Conference on Artificial Intelligence}
}

@inproceedings{Kamvar:2003:EAR:775152.775242,
	author = {Kamvar, Sepandar D. and Schlosser, Mario T. and Garcia-Molina, Hector},
	title = {The Eigentrust Algorithm for Reputation Management in P2P Networks},
	booktitle = {Proceedings of the 12th International Conference on World Wide Web},
	series = {WWW '03},
	year = {2003},
	isbn = {1-58113-680-3},
	location = {Budapest, Hungary},
	pages = {640--651},
	numpages = {12},
	url = {http://doi.acm.org/10.1145/775152.775242},
	doi = {10.1145/775152.775242},
	acmid = {775242},
	publisher = {ACM},
	address = {New York, NY, USA},
	keywords = {distributed eigenvector computation, peer-to-peer, reputation},
}